@manual{soup,
  title={Beautiful Soup Documentation},
  author={Richardson, Leonard},
  note = "\url{https://www.crummy.com/software/BeautifulSoup/bs4/doc/}" ,
  year={2007}
}

@inproceedings{pandas,
  title={Data structures for statistical computing in python},
  author={McKinney, Wes},
  booktitle={Proceedings of the 9th Python in Science Conference},
  volume={445},
  pages={51--56},
  year={2010},
  organization={Austin, TX}
}  


@manual{requests,
	title = {Requests: HTTP for Humans},
	author = {Reitz, Kenneth},
	note = "\url{https://requests.readthedocs.io/en/master/}",
	year = {2011}
	}
	

@manual{distance,
	title = {Calculate distance of two locations on Earth using Python},
	author = {Houston, Pete},
	note = "\url{https://medium.com/@petehouston/calculate-distance-of-two-locations-on-earth-using-python-1501b1944d97}",
	year = {2019}
	}
	
@manual{schedule,
	title = {Creating the NFL Schedule},
	author = {{NFL Football Operations}},
	note = "\url{https://operations.nfl.com/the-game/creating-the-nfl-schedule/}",
	year = {2020}
	}	
	
@manual{regular,
	title = {NFL regular season},
	author = {{Wikipedia contributors}},
	note = "\url{https://en.wikipedia.org/wiki/NFL_regular_season}, accessed \today.",
	year = {2020}
	}
	
@manual{tie,
	title = {List of NFL tied games},
	author = {{Wikipedia contributors}},
	note = "\url{https://en.wikipedia.org/wiki/List_of_NFL_tied_games}, accessed \today.",
	year = {2020}
	}
	
@manual{int,
	title = {NFL International Series},
	author = {{Wikipedia contributors}},
	note = "\url{https://en.wikipedia.org/wiki/NFL_International_Series}, accessed \today.",
	year = {2020}
	}	

@manual{stadium,
	title = {Chronology of home stadiums for current National Football League teams},
	author = {{Wikipedia contributors}},
	note = "\url{https://en.wikipedia.org/wiki/Chronology_of_home_stadiums_for_current_National_Football_League_teams}, accessed \today.",
	year = {2020}
	}	
	
@manual{saints,
	title = {Mercedes-Benz Superdome},
	author = {{Wikipedia contributors}},
	note = "\url{https://en.wikipedia.org/wiki/Mercedes-Benz_Superdome}, accessed \today.",
	year = {2020}
	}		
	
@manual{bills,
	title = {Bills Toronto Series},
	author = {{Wikipedia contributors}},
	note = "\url{https://en.wikipedia.org/wiki/Bills_Toronto_Series}, accessed \today.",
	year = {2020}
	}

@manual{rams,
	title = {1995 St. Louis Rams season},
	author = {{Wikipedia contributors}},
	note = "\url{https://en.wikipedia.org/wiki/1995_St._Louis_Rams_season}, accessed \today.",
	year = {2020}
	}	

@manual{lambeau,
	title = {Lambeau Field},
	author = {{Wikipedia contributors}},
	note = "\url{https://en.wikipedia.org/wiki/Lambeau_Field#Seating_capacity}, accessed \today.",
	year = {2020}
	}	
	
@article{hfa1,
	author = {Jamieson, Jeremy P.},
	title = {The Home Field Advantage in Athletics: A Meta-Analysis},
	journal = {Journal of Applied Social Psychology},
	volume = {40},
	number = {7},
	pages = {1819-1848},
	doi = {https://doi.org/10.1111/j.1559-1816.2010.00641.x},
	note = "\url{https://onlinelibrary.wiley.com/doi/abs/10.1111/j.1559-1816.2010.00641.x}",
	year = {2010}
}

@manual{538,
	author = {Hermsmeyer, Josh},
	title = {The NFL?s Home-Field Advantage Is Real. But Why?},
	note = "\url{https://fivethirtyeight.com/features/the-nfls-home-field-advantage-is-real-but-why/}",
	year = {2018}
	}

@manual{falsestart,
	author = {{NFL Football Operations}},
	title = {Pre-Snap Fouls},
	note = "\url{https://operations.nfl.com/the-rules/nfl-video-rulebook/pre-snap-fouls/#article-2.-false-start}",
	year = {2020}
	}

@book{scorecasting,
  title={Scorecasting: The Hidden Influences Behind How Sports Are Played and Games Are Won},
  author={Moskowitz, T. and Wertheim, L.J.},
  isbn={9780307591807},
  year={2012},
  publisher={Three Rivers Press}
}

@manual{wapo,
	title= {There?s no such thing as home-field advantage in the NFL this season},
	author= {Greenberg, Neil},
	note= "\url{https://www.washingtonpost.com/sports/2020/11/11/home-field-advantage-is-lie/}",
	journal = {The Washington Post},
	year = {2020}
	}
	
@manual{cbs,
	title = {2020 NFL schedule: Ravens get huge travel-related advantage, Seahawks will fly the most miles},
	author = {Breech, John},
	note = "\url{https://www.cbssports.com/nfl/news/2020-nfl-schedule-ravens-get-huge-travel-related-advantage-seahawks-will-fly-the-most-miles/}",
	journal = {CBS Sports},
	year = {2020}
	}
	
@manual{srs,
	note = "\url{https://www.pro-football-reference.com/blog/index4837.html?p=37}",
	year = {2007},
	author = {Drinen, Doug},
	title = {A very simple ranking system}
	}

@software{hassan_kibirige_2020_3973626,
  author       = {Hassan Kibirige and
                  Greg Lamp and
                  Jan Katins and
                  gdowding and
                  Austin O. and
                  matthias-k and
                  Tyler Funnell and
                  Florian Finkernagel and
                  Jonas Arnfred and
                  Dan Blanchard and
                  Sergey Astanin and
                  Eric Chiang and
                  Paul Natsuo Kishimoto and
                  Evan Sheehan and
                  stonebig and
                  Bernard Willers and
                  Robert Gibboni and
                  smutch and
                  Yaroslav Halchenko and
                  Pavel and
                  Brian King and
                  Min RK and
                  John Collins and
                  zachcp and
                  Anthony and
                  Bevan Koopman and
                  Dan Becker and
                  Dan Brown and
                  Duncan Brian and
                  guoci},
  title        = {has2k1/plotnine: v0.7.1},
  month        = aug,
  year         = 2020,
  publisher    = {Zenodo},
  version      = {v0.7.1},
  doi          = {10.5281/zenodo.3973626},
  url          = {https://doi.org/10.5281/zenodo.3973626}
}

@inproceedings{sklearn_api,
  author    = {Lars Buitinck and Gilles Louppe and Mathieu Blondel and
               Fabian Pedregosa and Andreas Mueller and Olivier Grisel and
               Vlad Niculae and Peter Prettenhofer and Alexandre Gramfort
               and Jaques Grobler and Robert Layton and Jake VanderPlas and
               Arnaud Joly and Brian Holt and Ga{\"{e}}l Varoquaux},
  title     = {{API} design for machine learning software: experiences from the scikit-learn
               project},
  booktitle = {ECML PKDD Workshop: Languages for Data Mining and Machine Learning},
  year      = {2013},
  pages = {108--122},
}

	